<?xml version="1.0" encoding="UTF-8"?><record xmlns="http://www.loc.gov/MARC21/slim" xmlns:cinclude="http://apache.org/cocoon/include/1.0" xmlns:zs="http://www.loc.gov/zing/srw/">
  <leader>00495nz  a2200145n  4500</leader>
  <controlfield tag="001">no2008180303</controlfield>
  <controlfield tag="003">DLC</controlfield>
  <controlfield tag="005">20081207082314.0</controlfield>
  <controlfield tag="008">081205n| acannaabn          |a aaa     c</controlfield>
  <datafield tag="010" ind1=" " ind2=" ">
    <subfield code="a">no2008180303</subfield>
  </datafield>
  <datafield tag="035" ind1=" " ind2=" ">
    <subfield code="a">(OCoLC)oca07956573</subfield>
  </datafield>
  <datafield tag="040" ind1=" " ind2=" ">
    <subfield code="a">ICU</subfield>
    <subfield code="b">eng</subfield>
    <subfield code="c">ICU</subfield>
  </datafield>
  <datafield tag="100" ind1="1" ind2=" ">
    <subfield code="a">Steshet︠s︡, Sergeĭ</subfield>
  </datafield>
  <datafield tag="400" ind1="1" ind2=" ">
    <subfield code="a">Steshet︠s︡, S. I.</subfield>
    <subfield code="q">(Sergeĭ Ivanovich)</subfield>
  </datafield>
  <datafield tag="670" ind1=" " ind2=" ">
    <subfield code="a">Ne ot mira sego, c2008:</subfield>
    <subfield code="b">t.p. (Sergeĭ Steshet︠s︡) verso t.p. (Steshet︠s︡ S. I.) colophon (Steshet︠s︡ Sergeĭ Ivanovich)</subfield>
  </datafield>
</record>